<record><leader>00000cas a22000007a 4500</leader><controlfield tag="001">18065564</controlfield><controlfield tag="008">880610d18821902pauwr ne      0    0eng d</controlfield><datafield ind1=" " ind2=" " tag="010"><subfield code="a">sn 88080781 </subfield></datafield><datafield ind1=" " ind2=" " tag="040"><subfield code="a">NPH</subfield><subfield code="b">eng</subfield><subfield code="c">NPH</subfield><subfield code="d">OCLCQ</subfield></datafield><datafield ind1=" " ind2=" " tag="042"><subfield code="a">msc</subfield></datafield><datafield ind1="0" ind2="4" tag="245"><subfield code="a">The Albion blizzard.</subfield></datafield><datafield ind1=" " ind2=" " tag="260"><subfield code="a">Albion, Pa. :</subfield><subfield code="b">E.C. Palmer &amp; E.F. Davenport</subfield></datafield><datafield ind1=" " ind2=" " tag="300"><subfield code="a">v. ;</subfield><subfield code="c">56 cm.</subfield></datafield><datafield ind1=" " ind2=" " tag="310"><subfield code="a">Weekly</subfield></datafield><datafield ind1="1" ind2=" " tag="362"><subfield code="a">Began in 1882; ceased in 1902?</subfield></datafield><datafield ind1=" " ind2=" " tag="500"><subfield code="a">Publisher: Blizzard Pub. Co., &lt;1897&gt;.</subfield></datafield><datafield ind1=" " ind2=" " tag="588"><subfield code="a">Description based on: Vol. 1, no. 7 (July 20, 1882).</subfield></datafield><datafield ind1=" " ind2=" " tag="752"><subfield code="a">United States</subfield><subfield code="b">Pennsylvania</subfield><subfield code="c">Erie</subfield><subfield code="d">Albion.</subfield></datafield></record>